%YAML 1.1
%TAG !u! tag:unity3d.com,2011:
--- !u!1 &8799265019890910717
GameObject:
  m_ObjectHideFlags: 0
  m_CorrespondingSourceObject: {fileID: 0}
  m_PrefabInstance: {fileID: 0}
  m_PrefabAsset: {fileID: 0}
  serializedVersion: 6
  m_Component:
  - component: {fileID: 5965561565656980776}
  - component: {fileID: 441125165508574611}
  - component: {fileID: 3044135610582103303}
  m_Layer: 0
  m_Name: character_model
  m_TagString: Untagged
  m_Icon: {fileID: 0}
  m_NavMeshLayer: 0
  m_StaticEditorFlags: 0
  m_IsActive: 1
--- !u!4 &5965561565656980776
Transform:
  m_ObjectHideFlags: 0
  m_CorrespondingSourceObject: {fileID: 0}
  m_PrefabInstance: {fileID: 0}
  m_PrefabAsset: {fileID: 0}
  m_GameObject: {fileID: 8799265019890910717}
  m_LocalRotation: {x: 0, y: 0, z: 0, w: 1}
  m_LocalPosition: {x: 0, y: 0, z: 0}
  m_LocalScale: {x: 1, y: 1, z: 1}
  m_Children:
  - {fileID: 8315364710317637368}
  m_Father: {fileID: 0}
  m_RootOrder: 0
  m_LocalEulerAnglesHint: {x: 0, y: 0, z: 0}
--- !u!95 &441125165508574611
Animator:
  serializedVersion: 3
  m_ObjectHideFlags: 0
  m_CorrespondingSourceObject: {fileID: 0}
  m_PrefabInstance: {fileID: 0}
  m_PrefabAsset: {fileID: 0}
  m_GameObject: {fileID: 8799265019890910717}
  m_Enabled: 1
  m_Avatar: {fileID: 9000000, guid: 6ea0acda6dbc8e047ac76c939dd125c5, type: 3}
  m_Controller: {fileID: 9100000, guid: ff97bb56cc945004f8e19ddcece3046c, type: 2}
  m_CullingMode: 0
  m_UpdateMode: 0
  m_ApplyRootMotion: 0
  m_LinearVelocityBlending: 0
  m_WarningMessage: 
  m_HasTransformHierarchy: 1
  m_AllowConstantClipSamplingOptimization: 1
  m_KeepAnimatorControllerStateOnDisable: 0
--- !u!114 &3044135610582103303
MonoBehaviour:
  m_ObjectHideFlags: 0
  m_CorrespondingSourceObject: {fileID: 0}
  m_PrefabInstance: {fileID: 0}
  m_PrefabAsset: {fileID: 0}
  m_GameObject: {fileID: 8799265019890910717}
  m_Enabled: 1
  m_EditorHideFlags: 0
  m_Script: {fileID: 11500000, guid: f8dc0c5589c723d40b449eb8a0e82b8d, type: 3}
  m_Name: 
  m_EditorClassIdentifier: 
  animator: {fileID: 441125165508574611}
  agent: {fileID: 0}
--- !u!1001 &8425290803616700691
PrefabInstance:
  m_ObjectHideFlags: 0
  serializedVersion: 2
  m_Modification:
    m_TransformParent: {fileID: 5965561565656980776}
    m_Modifications:
    - target: {fileID: -8679921383154817045, guid: 6ea0acda6dbc8e047ac76c939dd125c5,
        type: 3}
      propertyPath: m_RootOrder
      value: 0
      objectReference: {fileID: 0}
    - target: {fileID: -8679921383154817045, guid: 6ea0acda6dbc8e047ac76c939dd125c5,
        type: 3}
      propertyPath: m_LocalPosition.x
      value: 0
      objectReference: {fileID: 0}
    - target: {fileID: -8679921383154817045, guid: 6ea0acda6dbc8e047ac76c939dd125c5,
        type: 3}
      propertyPath: m_LocalPosition.y
      value: 0
      objectReference: {fileID: 0}
    - target: {fileID: -8679921383154817045, guid: 6ea0acda6dbc8e047ac76c939dd125c5,
        type: 3}
      propertyPath: m_LocalPosition.z
      value: 0
      objectReference: {fileID: 0}
    - target: {fileID: -8679921383154817045, guid: 6ea0acda6dbc8e047ac76c939dd125c5,
        type: 3}
      propertyPath: m_LocalRotation.w
      value: 1
      objectReference: {fileID: 0}
    - target: {fileID: -8679921383154817045, guid: 6ea0acda6dbc8e047ac76c939dd125c5,
        type: 3}
      propertyPath: m_LocalRotation.x
      value: 0
      objectReference: {fileID: 0}
    - target: {fileID: -8679921383154817045, guid: 6ea0acda6dbc8e047ac76c939dd125c5,
        type: 3}
      propertyPath: m_LocalRotation.y
      value: 0
      objectReference: {fileID: 0}
    - target: {fileID: -8679921383154817045, guid: 6ea0acda6dbc8e047ac76c939dd125c5,
        type: 3}
      propertyPath: m_LocalRotation.z
      value: 0
      objectReference: {fileID: 0}
    - target: {fileID: -8679921383154817045, guid: 6ea0acda6dbc8e047ac76c939dd125c5,
        type: 3}
      propertyPath: m_LocalEulerAnglesHint.x
      value: 0
      objectReference: {fileID: 0}
    - target: {fileID: -8679921383154817045, guid: 6ea0acda6dbc8e047ac76c939dd125c5,
        type: 3}
      propertyPath: m_LocalEulerAnglesHint.y
      value: 0
      objectReference: {fileID: 0}
    - target: {fileID: -8679921383154817045, guid: 6ea0acda6dbc8e047ac76c939dd125c5,
        type: 3}
      propertyPath: m_LocalEulerAnglesHint.z
      value: 0
      objectReference: {fileID: 0}
    - target: {fileID: -4890291174907598310, guid: 6ea0acda6dbc8e047ac76c939dd125c5,
        type: 3}
      propertyPath: m_Materials.Array.data[0]
      value: 
      objectReference: {fileID: 2100000, guid: e6d7019f3a37a0640a3ecaad383d7cab, type: 2}
    - target: {fileID: -4890291174907598310, guid: 6ea0acda6dbc8e047ac76c939dd125c5,
        type: 3}
      propertyPath: m_Materials.Array.data[1]
      value: 
      objectReference: {fileID: 2100000, guid: e6d7019f3a37a0640a3ecaad383d7cab, type: 2}
    - target: {fileID: -4890291174907598310, guid: 6ea0acda6dbc8e047ac76c939dd125c5,
        type: 3}
      propertyPath: m_Materials.Array.data[2]
      value: 
      objectReference: {fileID: 2100000, guid: e6d7019f3a37a0640a3ecaad383d7cab, type: 2}
    - target: {fileID: -4890291174907598310, guid: 6ea0acda6dbc8e047ac76c939dd125c5,
        type: 3}
      propertyPath: m_Materials.Array.data[3]
      value: 
      objectReference: {fileID: 2100000, guid: e6d7019f3a37a0640a3ecaad383d7cab, type: 2}
    - target: {fileID: -4890291174907598310, guid: 6ea0acda6dbc8e047ac76c939dd125c5,
        type: 3}
      propertyPath: m_Materials.Array.data[4]
      value: 
      objectReference: {fileID: 2100000, guid: e6d7019f3a37a0640a3ecaad383d7cab, type: 2}
    - target: {fileID: -4890291174907598310, guid: 6ea0acda6dbc8e047ac76c939dd125c5,
        type: 3}
      propertyPath: m_Materials.Array.data[5]
      value: 
      objectReference: {fileID: 2100000, guid: e6d7019f3a37a0640a3ecaad383d7cab, type: 2}
    - target: {fileID: 919132149155446097, guid: 6ea0acda6dbc8e047ac76c939dd125c5,
        type: 3}
      propertyPath: m_Name
      value: rig_character
      objectReference: {fileID: 0}
    m_RemovedComponents:
    - {fileID: 5866666021909216657, guid: 6ea0acda6dbc8e047ac76c939dd125c5, type: 3}
  m_SourcePrefab: {fileID: 100100000, guid: 6ea0acda6dbc8e047ac76c939dd125c5, type: 3}
--- !u!4 &8315364710317637368 stripped
Transform:
  m_CorrespondingSourceObject: {fileID: -8679921383154817045, guid: 6ea0acda6dbc8e047ac76c939dd125c5,
    type: 3}
  m_PrefabInstance: {fileID: 8425290803616700691}
  m_PrefabAsset: {fileID: 0}
