%YAML 1.1
%TAG !u! tag:unity3d.com,2011:
--- !u!1 &536550904
GameObject:
  m_ObjectHideFlags: 0
  m_CorrespondingSourceObject: {fileID: 0}
  m_PrefabInstance: {fileID: 0}
  m_PrefabAsset: {fileID: 0}
  serializedVersion: 6
  m_Component:
  - component: {fileID: 536550905}
  - component: {fileID: 536550908}
  - component: {fileID: 536550907}
  - component: {fileID: 536550906}
  m_Layer: 0
  m_Name: Cube (1)
  m_TagString: Untagged
  m_Icon: {fileID: 0}
  m_NavMeshLayer: 0
  m_StaticEditorFlags: 8
  m_IsActive: 1
--- !u!4 &536550905
Transform:
  m_ObjectHideFlags: 0
  m_CorrespondingSourceObject: {fileID: 0}
  m_PrefabInstance: {fileID: 0}
  m_PrefabAsset: {fileID: 0}
  m_GameObject: {fileID: 536550904}
  m_LocalRotation: {x: -0.0012541419, y: 0.9999963, z: 0.0020701238, w: 0.0012380182}
  m_LocalPosition: {x: 0.00962323, y: 0.237, z: -0.5110951}
  m_LocalScale: {x: 2.9737227, y: 1.3668716, z: 2.973723}
  m_Children: []
  m_Father: {fileID: 1369250747951670502}
  m_RootOrder: 1
  m_LocalEulerAnglesHint: {x: 0, y: 0, z: 0}
--- !u!33 &536550908
MeshFilter:
  m_ObjectHideFlags: 0
  m_CorrespondingSourceObject: {fileID: 0}
  m_PrefabInstance: {fileID: 0}
  m_PrefabAsset: {fileID: 0}
  m_GameObject: {fileID: 536550904}
  m_Mesh: {fileID: 10202, guid: 0000000000000000e000000000000000, type: 0}
--- !u!23 &536550907
MeshRenderer:
  m_ObjectHideFlags: 0
  m_CorrespondingSourceObject: {fileID: 0}
  m_PrefabInstance: {fileID: 0}
  m_PrefabAsset: {fileID: 0}
  m_GameObject: {fileID: 536550904}
  m_Enabled: 1
  m_CastShadows: 1
  m_ReceiveShadows: 1
  m_DynamicOccludee: 1
  m_MotionVectors: 1
  m_LightProbeUsage: 1
  m_ReflectionProbeUsage: 1
  m_RayTracingMode: 2
  m_RenderingLayerMask: 1
  m_RendererPriority: 0
  m_Materials:
  - {fileID: 2100000, guid: 31321ba15b8f8eb4c954353edc038b1d, type: 2}
  m_StaticBatchInfo:
    firstSubMesh: 0
    subMeshCount: 0
  m_StaticBatchRoot: {fileID: 0}
  m_ProbeAnchor: {fileID: 0}
  m_LightProbeVolumeOverride: {fileID: 0}
  m_ScaleInLightmap: 1
  m_ReceiveGI: 1
  m_PreserveUVs: 0
  m_IgnoreNormalsForChartDetection: 0
  m_ImportantGI: 0
  m_StitchLightmapSeams: 1
  m_SelectedEditorRenderState: 3
  m_MinimumChartSize: 4
  m_AutoUVMaxDistance: 0.5
  m_AutoUVMaxAngle: 89
  m_LightmapParameters: {fileID: 0}
  m_SortingLayerID: 0
  m_SortingLayer: 0
  m_SortingOrder: 0
--- !u!65 &536550906
BoxCollider:
  m_ObjectHideFlags: 0
  m_CorrespondingSourceObject: {fileID: 0}
  m_PrefabInstance: {fileID: 0}
  m_PrefabAsset: {fileID: 0}
  m_GameObject: {fileID: 536550904}
  m_Material: {fileID: 0}
  m_IsTrigger: 0
  m_Enabled: 1
  serializedVersion: 2
  m_Size: {x: 1, y: 1, z: 1}
  m_Center: {x: 0, y: 0, z: 0}
--- !u!1 &1620558433088033142
GameObject:
  m_ObjectHideFlags: 0
  m_CorrespondingSourceObject: {fileID: 0}
  m_PrefabInstance: {fileID: 0}
  m_PrefabAsset: {fileID: 0}
  serializedVersion: 6
  m_Component:
  - component: {fileID: 1369250747951670502}
  - component: {fileID: 228099252406840018}
  - component: {fileID: 7446724862387054411}
  m_Layer: 0
  m_Name: env_statue_meditate
  m_TagString: Untagged
  m_Icon: {fileID: 0}
  m_NavMeshLayer: 0
  m_StaticEditorFlags: 8
  m_IsActive: 1
--- !u!4 &1369250747951670502
Transform:
  m_ObjectHideFlags: 0
  m_CorrespondingSourceObject: {fileID: 0}
  m_PrefabInstance: {fileID: 0}
  m_PrefabAsset: {fileID: 0}
  m_GameObject: {fileID: 1620558433088033142}
  m_LocalRotation: {x: 0, y: 0, z: 0, w: 1}
  m_LocalPosition: {x: 1.8378754, y: -0.01, z: -3.6920147}
  m_LocalScale: {x: 1, y: 1, z: 1}
  m_Children:
  - {fileID: 6565534319248431823}
  - {fileID: 536550905}
  m_Father: {fileID: 0}
  m_RootOrder: 0
  m_LocalEulerAnglesHint: {x: 0, y: 0, z: 0}
--- !u!136 &228099252406840018
CapsuleCollider:
  m_ObjectHideFlags: 0
  m_CorrespondingSourceObject: {fileID: 0}
  m_PrefabInstance: {fileID: 0}
  m_PrefabAsset: {fileID: 0}
  m_GameObject: {fileID: 1620558433088033142}
  m_Material: {fileID: 0}
  m_IsTrigger: 0
  m_Enabled: 1
  m_Radius: 1.47
  m_Height: 5.14
  m_Direction: 1
  m_Center: {x: 0, y: 6.04, z: 0.26}
--- !u!136 &7446724862387054411
CapsuleCollider:
  m_ObjectHideFlags: 0
  m_CorrespondingSourceObject: {fileID: 0}
  m_PrefabInstance: {fileID: 0}
  m_PrefabAsset: {fileID: 0}
  m_GameObject: {fileID: 1620558433088033142}
  m_Material: {fileID: 0}
  m_IsTrigger: 0
  m_Enabled: 1
  m_Radius: 4.45
  m_Height: 1
  m_Direction: 1
  m_Center: {x: 0, y: 0, z: 0}
--- !u!1001 &6672029865330162980
PrefabInstance:
  m_ObjectHideFlags: 0
  serializedVersion: 2
  m_Modification:
    m_TransformParent: {fileID: 1369250747951670502}
    m_Modifications:
    - target: {fileID: -8850327527195858649, guid: 1393cec753fc6d34f96257b61c13ee93,
        type: 3}
      propertyPath: m_Materials.Array.data[0]
      value: 
      objectReference: {fileID: 2100000, guid: e12a739f90b0cfa49b7e5f5e533e42c3, type: 2}
    - target: {fileID: -8850327527195858649, guid: 1393cec753fc6d34f96257b61c13ee93,
        type: 3}
      propertyPath: m_Materials.Array.data[1]
      value: 
      objectReference: {fileID: 2100000, guid: e12a739f90b0cfa49b7e5f5e533e42c3, type: 2}
    - target: {fileID: -8850327527195858649, guid: 1393cec753fc6d34f96257b61c13ee93,
        type: 3}
      propertyPath: m_Materials.Array.data[2]
      value: 
      objectReference: {fileID: 2100000, guid: e12a739f90b0cfa49b7e5f5e533e42c3, type: 2}
    - target: {fileID: -8850327527195858649, guid: 1393cec753fc6d34f96257b61c13ee93,
        type: 3}
      propertyPath: m_Materials.Array.data[3]
      value: 
      objectReference: {fileID: 2100000, guid: e12a739f90b0cfa49b7e5f5e533e42c3, type: 2}
    - target: {fileID: -8850327527195858649, guid: 1393cec753fc6d34f96257b61c13ee93,
        type: 3}
      propertyPath: m_Materials.Array.data[4]
      value: 
      objectReference: {fileID: 2100000, guid: e12a739f90b0cfa49b7e5f5e533e42c3, type: 2}
    - target: {fileID: -8850327527195858649, guid: 1393cec753fc6d34f96257b61c13ee93,
        type: 3}
      propertyPath: m_Materials.Array.data[5]
      value: 
      objectReference: {fileID: 2100000, guid: e12a739f90b0cfa49b7e5f5e533e42c3, type: 2}
    - target: {fileID: -8679921383154817045, guid: 1393cec753fc6d34f96257b61c13ee93,
        type: 3}
      propertyPath: m_RootOrder
      value: 0
      objectReference: {fileID: 0}
    - target: {fileID: -8679921383154817045, guid: 1393cec753fc6d34f96257b61c13ee93,
        type: 3}
      propertyPath: m_LocalPosition.x
      value: 0
      objectReference: {fileID: 0}
    - target: {fileID: -8679921383154817045, guid: 1393cec753fc6d34f96257b61c13ee93,
        type: 3}
      propertyPath: m_LocalPosition.y
      value: 0
      objectReference: {fileID: 0}
    - target: {fileID: -8679921383154817045, guid: 1393cec753fc6d34f96257b61c13ee93,
        type: 3}
      propertyPath: m_LocalPosition.z
      value: 0
      objectReference: {fileID: 0}
    - target: {fileID: -8679921383154817045, guid: 1393cec753fc6d34f96257b61c13ee93,
        type: 3}
      propertyPath: m_LocalRotation.w
      value: 1
      objectReference: {fileID: 0}
    - target: {fileID: -8679921383154817045, guid: 1393cec753fc6d34f96257b61c13ee93,
        type: 3}
      propertyPath: m_LocalRotation.x
      value: 0
      objectReference: {fileID: 0}
    - target: {fileID: -8679921383154817045, guid: 1393cec753fc6d34f96257b61c13ee93,
        type: 3}
      propertyPath: m_LocalRotation.y
      value: 0
      objectReference: {fileID: 0}
    - target: {fileID: -8679921383154817045, guid: 1393cec753fc6d34f96257b61c13ee93,
        type: 3}
      propertyPath: m_LocalRotation.z
      value: 0
      objectReference: {fileID: 0}
    - target: {fileID: -8679921383154817045, guid: 1393cec753fc6d34f96257b61c13ee93,
        type: 3}
      propertyPath: m_LocalEulerAnglesHint.x
      value: 0
      objectReference: {fileID: 0}
    - target: {fileID: -8679921383154817045, guid: 1393cec753fc6d34f96257b61c13ee93,
        type: 3}
      propertyPath: m_LocalEulerAnglesHint.y
      value: 0
      objectReference: {fileID: 0}
    - target: {fileID: -8679921383154817045, guid: 1393cec753fc6d34f96257b61c13ee93,
        type: 3}
      propertyPath: m_LocalEulerAnglesHint.z
      value: 0
      objectReference: {fileID: 0}
    - target: {fileID: -8391222552659086748, guid: 1393cec753fc6d34f96257b61c13ee93,
        type: 3}
      propertyPath: m_NavMeshLayer
      value: 1
      objectReference: {fileID: 0}
    - target: {fileID: -8391222552659086748, guid: 1393cec753fc6d34f96257b61c13ee93,
        type: 3}
      propertyPath: m_StaticEditorFlags
      value: 8
      objectReference: {fileID: 0}
    - target: {fileID: -5988709903562956337, guid: 1393cec753fc6d34f96257b61c13ee93,
        type: 3}
      propertyPath: m_NavMeshLayer
      value: 1
      objectReference: {fileID: 0}
    - target: {fileID: -5988709903562956337, guid: 1393cec753fc6d34f96257b61c13ee93,
        type: 3}
      propertyPath: m_StaticEditorFlags
      value: 8
      objectReference: {fileID: 0}
    - target: {fileID: -4683669308469848369, guid: 1393cec753fc6d34f96257b61c13ee93,
        type: 3}
      propertyPath: m_Materials.Array.data[0]
      value: 
      objectReference: {fileID: 2100000, guid: e12a739f90b0cfa49b7e5f5e533e42c3, type: 2}
    - target: {fileID: 919132149155446097, guid: 1393cec753fc6d34f96257b61c13ee93,
        type: 3}
      propertyPath: m_Name
      value: m_statue_001
      objectReference: {fileID: 0}
    - target: {fileID: 919132149155446097, guid: 1393cec753fc6d34f96257b61c13ee93,
        type: 3}
      propertyPath: m_StaticEditorFlags
      value: 8
      objectReference: {fileID: 0}
    m_RemovedComponents: []
  m_SourcePrefab: {fileID: 100100000, guid: 1393cec753fc6d34f96257b61c13ee93, type: 3}
--- !u!4 &6565534319248431823 stripped
Transform:
  m_CorrespondingSourceObject: {fileID: -8679921383154817045, guid: 1393cec753fc6d34f96257b61c13ee93,
    type: 3}
  m_PrefabInstance: {fileID: 6672029865330162980}
  m_PrefabAsset: {fileID: 0}
